@misc{DIG_EZ7_ADC_REF,
    author = "{Digilent Inc.}",
	publisher = "Digilent Inc.",
    title = "Zmod Scope Reference",
    howpublished = "\url{https://digilent.com/reference/zmod/scope/start}",
    note = "[Online; Abgerufen am: 22.02.2024]"
}
    
@misc{DIG_EZ7_REF,
    author = "{Digilent Inc.}",
	publisher = "Digilent Inc.",
    title = "Eclypse-Z7 Reference Manual",
    howpublished = "\url{https://digilent.com/reference/programmable-logic/eclypse-z7/reference-manual}",
    note = "[Online; Abgerufen am: 22.02.2024]"
}

@misc{WPI_COSTAS,
    author = "{Qasim Chaudhari}",
	publisher = "Wireless Pi",
    title = "Costas Loop for Carrier Phase Synchronization",
    howpublished = "\url{https://wirelesspi.com/costas-loop-for-carrier-phase-synchronization/}",
    note = "[Online; Abgerufen am: 27.02.2024]"
}

@misc{DSPREL_CIC,
    author = "{Rick Lyons}",
	publisher = "DSP RELATED",
    title = "A Beginner's Guide To Cascaded Integrator-Comb (CIC) Filters",
    howpublished = "\url{https://www.dsprelated.com/showarticle/1337.php}",
    note = "[Online; Abgerufen am: 27.02.2024]"
}

@misc{PYNQ_SD_CARD,
    author = "{Advanced Micro Devices, Inc}",
	publisher = "Advanced Micro Devices, Inc",
    title = "PYNQ SD Card image",
    howpublished = "\url{https://pynq.readthedocs.io/en/latest/pynq_sd_card.html}",
    note = "[Online; Abgerufen am: 28.02.2024]"
}

@misc{PYNQ_PYHTON,
    author = "{Advanced Micro Devices, Inc}",
	publisher = "Advanced Micro Devices, Inc",
    title = "pynq Package",
    howpublished = "\url{https://pynq.readthedocs.io/en/latest/pynq_package.html}",
    note = "[Online; Abgerufen am: 03.03.2024]"
}

@manual{XLX_FIR,
	organization  = "Xilinx, Inc",
    title = "FIR Compiler v7.2 LogiCORE IP Product Guide (PG149)",
    number = "PG149",
    year = 2022,
    month = 10,
    note = ""
}

@manual{XLX_DMA,
	organization  = "Xilinx, Inc",
    title = "AXI DMA v7.1 LogiCORE IP Product Guide (PG021)",
    number = "PG021",
    year = 2022,
    month = 04,
    note = ""
}

@manual{XLX_AXIS,
	organization  = "Xilinx, Inc",
    title = "AXI4-Stream Infrastructure IP Suite v3.0 LogiCORE IP Product Guide (PG085)",
    number = "PG085",
    year = 2023,
    month = 05,
    note = ""
}

@manual{XLX_AXI_INT,
	organization  = "Xilinx, Inc",
    title = "AXI Interconnect v2.1 LogiCORE IP Product Guide (PG059)",
    number = "PG059",
    year = 2022,
    month = 05,
    note = ""
}

@manual{XLX_DSP,
	organization  = "Xilinx, Inc",
    title = "User Guide - 7 Series DSP48E1 Slice (UG479)",
    number = "UG479",
    year = 2018,
    month = 03,
    note = "v1.10"
}

@manual{ARM_AXI,
	organization  = "ARM, Inc",
    title = "AMBA AXI and ACE Protocol Specification - AXI3, AXI4, and AXI4-Lite, ACE and ACE-Lite (ID102711)",
    number = "ID102711",
    year = 2011,
    note = "v1.10"
}

@ARTICLE{IEEE_ART_DDS,
  author={Cordesses, L.},
  journal={IEEE Signal Processing Magazine}, 
  title={Direct digital synthesis: a tool for periodic wave generation (part 1)}, 
  year={2004},
  volume={21},
  number={4},
  pages={50-54},
  doi={10.1109/MSP.2004.1311140}}
  
@INPROCEEDINGS{IEEE_ART_COSTAS,
  author={Song, Xiao-ou},
  booktitle={2015 International Conference on Intelligent Networking and Collaborative Systems}, 
  title={Analysis and Implementation of Modified Costas Loop for QPSK}, 
  year={2015},
  volume={},
  number={},
  pages={394-397},
  doi={10.1109/INCoS.2015.26}}